@article {Mobadersany2018,
	author = {Mobadersany, Pooya and Yousefi, Safoora and Amgad, Mohamed and Gutman, David A. and Barnholtz-Sloan, Jill S. and Vel{\'a}zquez Vega, Jos{\'e} E. and Brat, Daniel J. and Cooper, Lee A. D.},
	title = {Predicting cancer outcomes from histology and genomics using convolutional networks},
	year = {2018},
	doi = {10.1073/pnas.1717139115},
	publisher = {National Academy of Sciences},
	issn = {0027-8424},
	URL = {http://www.pnas.org/content/early/2018/03/09/1717139115},
	eprint = {http://www.pnas.org/content/early/2018/03/09/1717139115.full.pdf},
	journal = {Proceedings of the National Academy of Sciences},
pmid = {29531073}
}


@incollection{Ciresan2013,
author = {Cire\c san, D.C. and Giusti, A. and Gambardella, L.M. and Schmidhuber, J.},
year = {2013},
title = {Mitosis Detection in Breast Cancer Histology Images with Deep Neural Networks},
  editor      = {Mori, K. and Sakuma, I. and Sato, Y. and Barillot, C. and Navab, N.},
  booktitle   = {Medical Image Computing and Computer-Assisted Intervention},
  publisher   = {Springer},
  address     = "Berlin",
}

@conference {CruzRoa2014,
	title = {Automatic detection of invasive ductal carcinoma in whole slide images with convolutional neural networks},
	booktitle = {SPIE Medical Imaging},
	volume = {9041},
	year = {2014},
	month = {03/2014},
	pages = {904103-904103-15},
	doi = {10.1117/12.2043872},
	url = {http://dx.doi.org/10.1117/12.2043872},
	author = {Cruz-Roa, Angel and Basavanhally, Ajay and Gonz{\'a}lez, Fabio and Gilmore, Hannah and Feldman, Michael and Ganesan, Shridar and Shih, Natalie and Tomaszewski, John and Madabhushi, Anant}
}

@inproceedings{Denas2013,
  title={Deep modeling of gene expression regulation in an Erythropoiesis model},
  author={O. Denas and J. Taylor},
  year={2013},
booktitle = {Representation learning, ICML Workshop}
}

@inproceedings{Fakoor2013,
  title={Using deep learning to enhance cancer diagnosis and classification},
author = {Fakoor, Rasool and Ladhak, Faisal and Nazi, Azade and Huber, Manfred},
  year={2013},
booktitle = {Proceedings of the 30th International Conference on Machine Learning (ICML)}
}

@article{Leung2014,
author = {Leung, Michael K K and Xiong, Hui Yuan and Lee, Leo J and Frey, Brendan J},
doi = {10.1093/bioinformatics/btu277},
issn = {1367-4803},
journal = {Bioinformatics},
month = {jun},
number = {12},
pages = {i121--i129},
publisher = {Oxford University Press},
title = {{Deep learning of the tissue-regulated splicing code}},
url = {http://www.ncbi.nlm.nih.gov/pmc/articles/PMC4058935/},
volume = {30},
year = {2014}
}

@article{Li2017,
author = {Li, Huamin and Shaham, Uri and Stanton, Kelly P and Yao, Yi and Montgomery, Ruth R and Kluger, Yuval},
title = {Gating mass cytometry data by deep learning},
journal = {Bioinformatics},
volume = {33},
number = {21},
pages = {3423-3430},
year = {2017},
doi = {10.1093/bioinformatics/btx448},
URL = {http://dx.doi.org/10.1093/bioinformatics/btx448},
}

@article{Bendall2011,
author = {Bendall, Sean C and Simonds, Erin F and Qiu, Peng and Amir, El-ad D and Krutzik, Peter O and Finck, Rachel and Bruggner, Robert V and Melamed, Rachel and Trejo, Angelica and Ornatsky, Olga I and Balderas, Robert S and Plevritis, Sylvia K and Sachs, Karen and Pe'er, Dana and Tanner, Scott D and Nolan, Garry P},
doi = {10.1126/science.1198704},
issn = {0036-8075},
journal = {Science (New York, N.y.)},
month = {may},
number = {6030},
pages = {687--696},
title = {{Single-Cell Mass Cytometry of Differential Immune and Drug Responses Across a Human Hematopoietic Continuum}},
url = {http://www.ncbi.nlm.nih.gov/pmc/articles/PMC3273988/},
volume = {332},
year = {2011}
}

@article{Qiu2011,
author = {Qiu, Peng and Simonds, Erin F and Bendall, Sean C and {Gibbs Jr}, Kenneth D and Bruggner, Robert V and Linderman, Michael D and Sachs, Karen and Nolan, Garry P and Plevritis, Sylvia K},
journal = {Nature Biotechnology},
month = {oct},
pages = {886},
publisher = {Nature Publishing Group, a division of Macmillan Publishers Limited. All Rights Reserved.},
title = {{Extracting a cellular hierarchy from high-dimensional cytometry data with SPADE}},
url = {http://dx.doi.org/10.1038/nbt.1991 http://10.0.4.14/nbt.1991 https://www.nature.com/articles/nbt.1991{\#}supplementary-information},
volume = {29},
year = {2011}
}

@article{Kingma2014,
  author    = {Diederik P. Kingma and
               Jimmy Ba},
  title     = {Adam: {A} Method for Stochastic Optimization},
  journal   = {CoRR},
  volume    = {abs/1412.6980},
  year      = {2014},
  url       = {http://arxiv.org/abs/1412.6980},
  archivePrefix = {arXiv},
  eprint    = {1412.6980},
  biburl    = {https://dblp.org/rec/bib/journals/corr/KingmaB14},
}